@INPROCEEDINGS{9441822,
  author={Kapse, Ketan},
  booktitle={2021 7th International Conference on Advanced Computing and Communication Systems (ICACCS)}, 
  title={An Overview of Current Deep Learned Rendering Technologies}, 
  year={2021},
  volume={1},
  number={},
  pages={1404-1409},
  doi={10.1109/ICACCS51430.2021.9441822}}